<?xml version="1.0" encoding="UTF-8"?><collection xmlns="http://www.loc.gov/MARC21/slim"><record><leader>00559nam--2200181-i-4500</leader><controlfield tag="001">000028355</controlfield><controlfield tag="002">20161230</controlfield><controlfield tag="005">20170222162253</controlfield><controlfield tag="008">060222s1000------------r-----000-0-eng-d</controlfield><datafield ind1=" " ind2=" " tag="040"><subfield code="a">IFIN-HH</subfield></datafield><datafield ind1=" " ind2=" " tag="080"><subfield code="a">001.5(09)</subfield></datafield><datafield ind1="1" ind2=" " tag="100"><subfield code="a">Sofonea, Liviu</subfield></datafield><datafield ind1="1" ind2="0" tag="245"><subfield code="a">Logic of the historical developement of science and inner logic of physical theories</subfield><subfield code="c">Liviu Sofonea, Nicholas Ionescu-Pallas</subfield></datafield><datafield ind1=" " ind2=" " tag="260"><subfield code="a">Bucharest</subfield><subfield code="b">Central Institute Of Physics</subfield><subfield code="c">1981</subfield></datafield><datafield ind1=" " ind2=" " tag="300"><subfield code="a">39 p</subfield></datafield><datafield ind1="1" ind2=" " tag="700"><subfield code="a">Ionescu-Pallas, Nicolae I</subfield></datafield><datafield ind1=" " ind2=" " tag="852"><subfield code="a">49443</subfield><subfield code="c">5</subfield></datafield><datafield ind1=" " ind2=" " tag="CAT"><subfield code="a">SYS</subfield><subfield code="c">20170222</subfield><subfield code="h">162253</subfield></datafield></record></collection>